<?xml version="1.0" encoding="UTF-8"?>
<collection xmlns="http://www.loc.gov/MARC21/slim"><record xmlns="http://www.loc.gov/MARC21/slim" xmlns:xsi="http://www.w3.org/2001/XMLSchema-instance" xsi:schemaLocation="http://www.loc.gov/MARC21/slim http://www.loc.gov/standards/marcxml/schema/MARC21slim.xsd"><leader>01080nam a22002891  4500</leader><controlfield tag="001">sid~1</controlfield><controlfield tag="003">DE-89</controlfield><controlfield tag="005">20171012085250.0</controlfield><controlfield tag="007">c| |||||||||</controlfield><controlfield tag="008">171012s2009                  0         d</controlfield><datafield ind1="7" ind2="_" tag="024"><subfield code="a">kmo-av:sid~1</subfield><subfield code="2">TIB_ID</subfield></datafield><datafield ind1="7" ind2="_" tag="024"><subfield code="a">1</subfield><subfield code="2">sid</subfield></datafield><datafield ind1="7" ind2="_" tag="024"><subfield code="a">10.5446/1</subfield><subfield code="2">doi</subfield></datafield><datafield ind1="_" ind2="_" tag="040"><subfield code="a">ISIL</subfield><subfield code="b">ger</subfield><subfield code="c">DE-89</subfield></datafield><datafield ind1="_" ind2="_" tag="084"><subfield code="2">knm</subfield><subfield code="a">Other</subfield></datafield><datafield ind1="_" ind2="_" tag="084"><subfield code="2">linsearch</subfield><subfield code="a">rest</subfield></datafield><datafield ind1="1" ind2="_" tag="100"><subfield code="a">Hanebutt, Katrin (TIB)</subfield></datafield><datafield ind1="_" ind2="_" tag="245"><subfield code="a">Die TIB - F&#252;nf Jahrzehnte Vorsprung, der Wissen schafft: Die weltweit gr&#246;&#223;te Spezialbibliothek f&#252;r Technik und Naturwissenschaften</subfield></datafield><datafield ind1="_" ind2="_" tag="260"><subfield code="b">Technische Informationsbibliothek (TIB)</subfield><subfield code="c">2009</subfield></datafield><datafield ind1="_" ind2="_" tag="300"><subfield code="a">39,05 MB, 00:04:39:00 (unknown)</subfield></datafield><datafield ind1="_" ind2="_" tag="300"><subfield code="b">Kein gesprochener Text</subfield></datafield><datafield ind1="_" ind2="_" tag="500"><subfield code="a">Audiovisuelles Material</subfield></datafield><datafield ind1="_" ind2="_" tag="540"><subfield code="a">unknown licence</subfield></datafield><datafield ind1="0" ind2="_" tag="773"><subfield code="0">(gid)kmo-av</subfield><subfield code="g">(Jan. 2009)</subfield></datafield><datafield ind1="4" ind2="_" tag="856"><subfield code="u">https://www.tib.eu/de/suchen/id/kmo-av%3Asid%7E1</subfield><subfield code="3">link to metadata</subfield></datafield><datafield ind1="4" ind2="2" tag="856"><subfield code="u">https://tib.flowcenter.de/mfc/thumbnail.cgi?cache=1&amp;width=185&amp;height=148&amp;file=/jpeg/0xxx/1/8583/2784.jpg</subfield><subfield code="3">thumbnail</subfield></datafield><datafield ind1="4" ind2="0" tag="856"><subfield code="u">https://av.tib.eu/media/1</subfield><subfield code="3">audiovisual media</subfield></datafield></record>