<record xmlns="http://www.loc.gov/MARC21/slim" xmlns:xsi="http://www.w3.org/2001/XMLSchema-instance" xsi:schemaLocation="http://www.loc.gov/MARC21/slim http://www.loc.gov/standards/marcxml/schema/MARC21slim.xsd"><leader>01031nam a22002891  4500</leader><controlfield tag="001">sid~10000</controlfield><controlfield tag="003">DE-89</controlfield><controlfield tag="005">20171012085250.0</controlfield><controlfield tag="007">c| |||||||||</controlfield><controlfield tag="008">171012s2012                  0     ger d</controlfield><datafield ind1="7" ind2="_" tag="024"><subfield code="a">kmo-av:sid~10000</subfield><subfield code="2">TIB_ID</subfield></datafield><datafield ind1="7" ind2="_" tag="024"><subfield code="a">10000</subfield><subfield code="2">sid</subfield></datafield><datafield ind1="7" ind2="_" tag="024"><subfield code="a">10.5446/10000</subfield><subfield code="2">doi</subfield></datafield><datafield ind1="_" ind2="_" tag="040"><subfield code="a">ISIL</subfield><subfield code="b">ger</subfield><subfield code="c">DE-89</subfield></datafield><datafield ind1="_" ind2="_" tag="084"><subfield code="2">knm</subfield><subfield code="a">Mathematics</subfield></datafield><datafield ind1="_" ind2="_" tag="084"><subfield code="2">linsearch</subfield><subfield code="a">mat</subfield></datafield><datafield ind1="1" ind2="_" tag="100"><subfield code="a">Loviscach, J&#246;rn</subfield></datafield><datafield ind1="_" ind2="_" tag="245"><subfield code="a">28A.2 Mittelwertbildung verringert Varianz und Standardabweichung</subfield></datafield><datafield ind1="2" ind2="0" tag="246"><subfield code="b">Lecture</subfield></datafield><datafield ind1="_" ind2="_" tag="260"><subfield code="b">Loviscach, J&#246;rn</subfield><subfield code="c">2012</subfield></datafield><datafield ind1="_" ind2="_" tag="300"><subfield code="a">19MB, 00:21:29:00 (unknown)</subfield></datafield><datafield ind1="_" ind2="_" tag="500"><subfield code="a">Audiovisuelles Material</subfield></datafield><datafield ind1="_" ind2="_" tag="540"><subfield code="a">unknown licence</subfield></datafield><datafield ind1="0" ind2="_" tag="773"><subfield code="0">(gid)kmo-av</subfield><subfield code="t">Mathematik 1, Winter 2011/2012</subfield><subfield code="g">(Jan. 2012)</subfield></datafield><datafield ind1="4" ind2="_" tag="856"><subfield code="u">https://www.tib.eu/de/suchen/id/kmo-av%3Asid%7E10000</subfield><subfield code="3">link to metadata</subfield></datafield><datafield ind1="4" ind2="2" tag="856"><subfield code="u">https://tib.flowcenter.de/mfc/thumbnail.cgi?cache=1&amp;width=185&amp;height=148&amp;file=/jpeg/10xxx/10000/14748/14499.jpg</subfield><subfield code="3">thumbnail</subfield></datafield><datafield ind1="4" ind2="0" tag="856"><subfield code="u">https://av.tib.eu/media/10000</subfield><subfield code="3">audiovisual media</subfield></datafield></record>